<record xmlns="http://www.loc.gov/MARC21/slim" xmlns:xsi="http://www.w3.org/2001/XMLSchema-instance" xsi:schemaLocation="http://www.loc.gov/MARC21/slim http://www.loc.gov/standards/marcxml/schema/MARC21slim.xsd"><leader>01052cz   2200241n  4500</leader><controlfield tag="001">oca01596089 </controlfield><controlfield tag="005">19880302130301.7</controlfield><controlfield tag="008">860424n| acannaab|          |a aaa ||| c</controlfield><datafield ind1=" " ind2=" " tag="010"><subfield code="a">n  85311132 </subfield></datafield><datafield ind1=" " ind2=" " tag="040"><subfield code="a">InU</subfield><subfield code="c">DLC</subfield><subfield code="d">DLC</subfield></datafield><datafield ind1="0" ind2=" " tag="100"><subfield code="a">Maximianus,</subfield><subfield code="d">6th cent.</subfield></datafield><datafield ind1="0" ind2=" " tag="400"><subfield code="a">Massimiano,</subfield><subfield code="d">6th cent.</subfield></datafield><datafield ind1="0" ind2=" " tag="400"><subfield code="a">Maximianus,</subfield><subfield code="c">Etruscus,</subfield><subfield code="d">6th cent.</subfield></datafield><datafield ind1="0" ind2=" " tag="400"><subfield code="a">Maximianus Etruscus</subfield><subfield code="w">nnaa</subfield></datafield><datafield ind1="0" ind2=" " tag="400"><subfield code="a">Maximianus,</subfield><subfield code="c">the Etruscan,</subfield><subfield code="d">6th cent.</subfield></datafield><datafield ind1="0" ind2=" " tag="400"><subfield code="a">Maximien,</subfield><subfield code="d">6th cent.</subfield></datafield><datafield ind1=" " ind2=" " tag="670"><subfield code="a">His Maximiani Elegiae, 1890.</subfield></datafield><datafield ind1=" " ind2=" " tag="670"><subfield code="a">Seyffert, O. Dict. of classical antiquities, 1956</subfield><subfield code="b">(Maximianus of Etruria; Latin poet in the beginning of the 6th cent.)</subfield></datafield><datafield ind1=" " ind2=" " tag="670"><subfield code="a">NUC pre-1956</subfield><subfield code="b">(Maximianus Etruscus)</subfield></datafield><datafield ind1=" " ind2=" " tag="670"><subfield code="a">LC data base, 2/19/86</subfield><subfield code="b">(hdg.: Maximianus Etruscus)</subfield></datafield><datafield ind1=" " ind2=" " tag="670"><subfield code="a">LC class. schedule:</subfield><subfield code="b">PA6511.M6 (Maximianus Etruscus, fl. ca. 550 A.D.)</subfield></datafield><datafield ind1=" " ind2=" " tag="670"><subfield code="a">InU/Wing STC files</subfield><subfield code="b">(usage: Massimiano; variants: Maximianus the Etruscan)</subfield></datafield><datafield ind1=" " ind2=" " tag="670"><subfield code="a">Spaltenstein, F. Commentaire des Elégies de Maximien, 1983:</subfield><subfield code="b">p. 9 (Bertini claims was born about 495)</subfield></datafield></record>